<?xml version="1.0" encoding="UTF-8"?><collection xmlns="http://www.loc.gov/MARC21/slim"><record><leader>00492nam--2200157-i-4500</leader><controlfield tag="001">000040342</controlfield><controlfield tag="002">20161230</controlfield><controlfield tag="005">20170127221857</controlfield><controlfield tag="008">060222s1000------------r-----000-0-eng-d</controlfield><datafield ind1=" " ind2=" " tag="040"><subfield code="a">IFIN-HH</subfield></datafield><datafield ind1="1" ind2=" " tag="100"><subfield code="a">Sassenberg, Ulf</subfield></datafield><datafield ind1="1" ind2="0" tag="245"><subfield code="a">Investigations of some diatomic molecues. The hydrides of selenium, antimony and silicon and the platinum oxide</subfield><subfield code="c">Ulf Sassenberg</subfield></datafield><datafield ind1=" " ind2=" " tag="260"><subfield code="a">Stockholm</subfield><subfield code="b">Institute Of Physics</subfield><subfield code="c">1983</subfield></datafield><datafield ind1=" " ind2=" " tag="300"><subfield code="a">43 p</subfield></datafield><datafield ind1=" " ind2=" " tag="852"><subfield code="a">71160</subfield><subfield code="c">539.18</subfield></datafield><datafield ind1=" " ind2=" " tag="CAT"><subfield code="a">SYS</subfield><subfield code="c">20170127</subfield><subfield code="h">221857</subfield></datafield></record></collection>